@book{hager2021hpc,
  title={Introduction to High Performance Computing for Scientists and Engineers},
  author={Hager, Georg and Wellein, Gerhard},
  edition={2},
  year={2021},
  publisher={CRC Press},
  address={Boca Raton, FL}
}

@article{toth2016convolution,
  title={Efficient Parallelization of Convolution Operations Using OpenMP for Image Processing Applications},
  author={Toth, Peter J. H. and Cicek, Ismail T.},
  journal={International Journal of Computer Applications},
  volume={150},
  number={4},
  pages={12--18},
  year={2016},
  month={September},
  publisher={Foundation of Computer Science}
}

@book{farber2011openmp,
  title={Parallel Programming with OpenMP},
  author={Farber, Rob},
  year={2011},
  publisher={Morgan Kaufmann}
}

@manual{nvidia2021cuda,
  title={CUDA C Programming Guide},
  author={{NVIDIA Corporation}},
  year={2021},
  note={Version 11.4},
  url={https://docs.nvidia.com/cuda/cuda-c-programming-guide}
}





@article{Rajput2013,
  author    = {Vibha Rajput and Alok Katiyar},
  title     = {Proactive Bottleneck Performance Analysis in Parallel Computing using {OpenMP}},
  journal   = {arXiv preprint arXiv:1311.1907},
  year      = {2013},
  doi       = {10.48550/ARXIV.1311.1907},
  url       = {https://arxiv.org/abs/1311.1907}
}

@inproceedings{Yoon2012,
  author    = {Kyungmin Lee and Tae Houn Song and Seung Hyun Yoon and Key Ho Kwon and Jae Wook Jeon},
  title     = {{OpenMP} Parallel Programming Using Dual-Core Embedded System},
  booktitle = {Proc. 2012 International Conference on Ubiquitous Computing and Multimedia (UCM)},
  year      = {2012},
  publisher = {IEEE}
}

@article{Tousimojarad2017,
  author    = {Ashkan Tousimojarad and Wim Vanderbauwhede and Paul Cockshott},
  title     = {2D Image Convolution Using Three Parallel Programming Models on the {Xeon Phi}},
  journal   = {arXiv preprint arXiv:1711.09791},
  year      = {2017},
  doi       = {10.48550/ARXIV.1711.09791},
  url       = {https://arxiv.org/abs/1711.09791}
}

@inproceedings{Gawrych2023,
  author    = {Bart{\l}omiej Gawrych and Pawe{\l} Czarnul},
  title     = {Performance Assessment of {OpenMP} Constructs and Benchmarks Using Modern Compilers and Multi-Core {CPUs}},
  booktitle = {Proc. 2023 18th Conf. on Computer Science and Intelligence Systems (FedCSIS)},
  pages     = {973--978},
  year      = {2023},
  publisher = {IEEE}
}

@article{Gustafson1988,
  author  = {John L. Gustafson},
  title   = {Reevaluating Amdahl's {law}},
  journal = {Commun. {ACM}},
  volume  = {31},
  number  = {5},
  pages   = {532--533},
  year    = {1988},
  doi     = {10.1145/42411.42415}
}

@inproceedings{Wang2023,
  author    = {Zheng Wang and Li Chen and Mei Ling and Qing Han},
  title     = {Optimizing Parallel Programs on {ARM} and {GPU} Architectures},
  booktitle = {Proc. 2023 IEEE Int. Conf. on High Performance Computing (HiPC)},
  pages     = {123--130},
  year      = {2023},
  publisher = {IEEE}
}

@online{visoai2023convolution,
  title = {Convolution Operations Explained},
  author = {{Viso.ai}},
  year = {2023},
  url = {https://viso.ai/deep-learning/convolution-operations/},
  urldate = {2025-04-30},
  note = {Comprehensive explanation of convolution as a feature extractor in deep learning}
}
@misc{nirmal2021parallel,
  title = {Parallel Convolution using MPI},
  author = {Nirmal, 0x},
  year = {2021},
  howpublished = {\url{https://github.com/0xnirmal/Parallel-Convolution-MPI}},
  note = {GitHub repository demonstrating MPI-based parallel convolution}
}

@article{Ferrari2023,
  author    = {Victor Ferrari and Rafael Sousa and Marcio Pereira and João P. L. de Carvalho and José Nelson Amaral and José Moreira and Guido Araujo},
  title     = {Improving Convolution via Cache Hierarchy Tiling and Reduced Packing},
  journal   = {Proceedings of the 28th ACM SIGPLAN Annual Symposium on Principles and Practice of Parallel Programming},
  year      = {2023},
  doi       = {10.1145/3559009.3569678},
  url       = {https://dl.acm.org/doi/10.1145/3559009.3569678}
}

@article{Huang2021,
  author    = {Xiandong Huang and Qinglin Wang and Shuyu Lu and Ruochen Hao and Songzhu Mei and Jie Liu},
  title     = {NUMA‑aware FFT‑based Convolution on ARMv8 Many‑core CPUs},
  journal   = {arXiv preprint arXiv:2109.12259},
  year      = {2021},
  doi       = {10.48550/ARXIV.2109.12259},
  url       = {https://arxiv.org/abs/2109.12259}
}
