@book{hager2021hpc,
  title={Introduction to High Performance Computing for Scientists and Engineers},
  author={Hager, Georg and Wellein, Gerhard},
  edition={2},
  year={2021},
  publisher={CRC Press},
  address={Boca Raton, FL}
}

@article{toth2016convolution,
  title={Efficient Parallelization of Convolution Operations Using OpenMP for Image Processing Applications},
  author={Toth, Peter J. H. and Cicek, Ismail T.},
  journal={International Journal of Computer Applications},
  volume={150},
  number={4},
  pages={12--18},
  year={2016},
  month={September},
  publisher={Foundation of Computer Science}
}

@book{farber2011openmp,
  title={Parallel Programming with OpenMP},
  author={Farber, Rob},
  year={2011},
  publisher={Morgan Kaufmann}
}

@manual{nvidia2021cuda,
  title={CUDA C Programming Guide},
  author={{NVIDIA Corporation}},
  year={2021},
  note={Version 11.4},
  url={https://docs.nvidia.com/cuda/cuda-c-programming-guide}
}




@book{farber2011openmp,
  title={Parallel Programming with OpenMP},
  author={Farber, Rob},
  year={2011},
  publisher={Morgan Kaufmann}
}

@article{toth2016convolution,
  title={Efficient Parallelization of Convolution Operations Using OpenMP for Image Processing Applications},
  author={Toth, Peter J. H. and Cicek, Ismail T.},
  journal={International Journal of Computer Applications},
  volume={150},
  number={4},
  pages={12--18},
  year={2016},
  month={September},
  publisher={Foundation of Computer Science (FCS)}
}

@book{hager2021hpc,
  title={Introduction to High Performance Computing for Scientists and Engineers},
  author={Hager, Georg and Wellein, Gerhard},
  edition={2},
  year={2021},
  publisher={CRC Press},
  address={Boca Raton, FL, USA}
}

@article{williams2009roofline,
  title={Roofline: An insightful visual performance model for multicore architectures},
  author={Williams, Samuel and Waterman, Andrew and Patterson, David},
  journal={Communications of the ACM},
  volume={52},
  number={4},
  pages={65--76},
  year={2009},
  publisher={ACM}
}

@article{bhattacharjee2020analyzing,
  title={Analyzing performance bottlenecks in OpenMP applications on multicore systems},
  author={Bhattacharjee, Abhishek and others},
  journal={Concurrency and Computation: Practice and Experience},
  volume={32},
  number={18},
  year={2020},
  publisher={Wiley}
}

@inproceedings{imran2022openmp,
  title={Optimizing Image Convolution Using OpenMP: Performance Evaluation on Modern CPUs},
  author={Imran, Saif and Xu, Liang},
  booktitle={Proceedings of the International Conference on Parallel and Distributed Systems},
  year={2022}
}

@article{chen2021benchmarking,
  title={Benchmarking and Profiling Parallel Image Filters on Multicore CPUs},
  author={Chen, Yifan and Liu, Huan},
  journal={Journal of Parallel and Distributed Computing},
  volume={151},
  pages={45--58},
  year={2021}
}











